<?xml version="1.0" encoding="UTF-8"?>
<record xmlns="http://www.loc.gov/MARC21/slim" xmlns:xsi="http://www.w3.org/2001/XMLSchema-instance" xsi:schemaLocation="http://www.loc.gov/MARC21/slim http://www.loc.gov/standards/marcxml/schema/MARC21slim.xsd">
<leader>     nam a2200217ua 4500</leader>
<controlfield tag="001">001676394</controlfield>
<controlfield tag="003">NNU</controlfield>
<controlfield tag="005">20001218185126.0</controlfield>
<controlfield tag="008">951127s1930    su            000 0 ara d</controlfield>
<datafield tag="035" ind1="9" ind2=" ">
<subfield code="a">NYUb12219745</subfield>
</datafield>
<datafield tag="035" ind1=" " ind2=" ">
<subfield code="a">(NjP)notisCBZ1685</subfield>
</datafield>
<datafield tag="035" ind1=" " ind2=" ">
<subfield code="a">(CStRLIN)NJPG95-B73599</subfield>
</datafield>
<datafield tag="040" ind1=" " ind2=" ">
<subfield code="a">NjP</subfield>
<subfield code="c">NjP</subfield>
</datafield>
<datafield tag="100" ind1="1" ind2=" ">
<subfield code="a">Ibn Ḥanbal, Aḥmad ibn Muḥammad,</subfield>
<subfield code="d">780-855.</subfield>
</datafield>
<datafield tag="240" ind1="1" ind2="0">
<subfield code="a">Sunnah</subfield>
</datafield>
<datafield tag="245" ind1="1" ind2="0">
<subfield code="a">Kitāb al-sunnah /</subfield>
<subfield code="c">lil-Imām Aḥmad ibn Ḥanbal ; ʻuniyá bi-taṣḥīḥihi wa-al-ishrāf ʻalá ṭabʻihi ... ʻAbd Allāh ibn Ḥasan ibn Ḥusayn Āl al-Shaykh.</subfield>
</datafield>
<datafield tag="260" ind1=" " ind2=" ">
<subfield code="a">Makkah :</subfield>
<subfield code="b">al-Maṭbaʻah al-Salafīyah,</subfield>
<subfield code="c">1349 [1930 or 1931]</subfield>
</datafield>
<datafield tag="300" ind1=" " ind2=" ">
<subfield code="a">2 v. in 1 ;</subfield>
<subfield code="c">28 cm.</subfield>
</datafield>
<datafield tag="OWN" ind1=" " ind2=" ">
<subfield code="a">GENERAL</subfield>
</datafield>
<datafield tag="950" ind1=" " ind2=" ">
<subfield code="l">BMAIN</subfield>
<subfield code="a">BP192</subfield>
<subfield code="b">.I2</subfield>
</datafield>
<datafield tag="955" ind1=" " ind2=" ">
<subfield code="l">BMAIN</subfield>
<subfield code="c">1:v.1</subfield>
<subfield code="r">028095332</subfield>
</datafield>
<datafield tag="987" ind1=" " ind2=" ">
<subfield code="a">tracings : missing?</subfield>
</datafield>
<datafield tag="998" ind1=" " ind2=" ">
<subfield code="s">9124</subfield>
</datafield>
<datafield tag="AVA" ind1=" " ind2=" ">
<subfield code="a">NYU50</subfield>
<subfield code="b">BOBST</subfield>
<subfield code="c">Main Collection</subfield>
<subfield code="d">BP192 .I2</subfield>
<subfield code="e">unavailable</subfield>
<subfield code="t">Unavailable</subfield>
<subfield code="f">1</subfield>
<subfield code="g">1</subfield>
<subfield code="h">Y</subfield>
<subfield code="i">0</subfield>
<subfield code="j">MAIN</subfield>
<subfield code="k">0</subfield>
</datafield>
</record>
